@inproceedings{andersen2017bringing,
  title={Bringing content understanding into usability testing in complex application domains - a case study in eHealth},
  author={Andersen, Simon Bruntse and Rasmussen, Claire Kirchert and Fr{\o}kj{\ae}r, Erik},
  booktitle={International Conference of Design, User Experience, and Usability},
  pages={327--341},
  year={2017},
  organization={Springer}
}

@article{nair2015clinical,
  title={A clinical decision support system for chronic pain management in primary care: usability testing and its relevance},
  author={Nair, Kalpana Maria and Malaeekeh, Raheleh and Schabort, Inge and Taenzer, Paul and Radhakrishnan, Arun and Guenter, Dale},
  journal={Journal of innovation in health informatics},
  volume={22},
  number={3},
  pages={329--332},
  year={2015}
}

@article{sauro201210,
  title={10 things to know about the Single Ease Question (SEQ)},
  author={Sauro, J},
  journal={Measuring U, 2012},
  year={2012}
}

@article{ramkumar2017using,
  title={Using GOMS and NASA-TLX to Evaluate Human--Computer Interaction Process in Interactive Segmentation},
  author={Ramkumar, Anjana and Stappers, Pieter Jan and Niessen, Wiro J and Adebahr, Sonja and Schimek-Jasch, Tanja and Nestle, Ursula and Song, Yu},
  journal={International Journal of Human--Computer Interaction},
  volume={33},
  number={2},
  pages={123--134},
  year={2017},
  publisher={Taylor \& Francis}
}

@article{orfanou2015perceived,
  title={Perceived usability evaluation of learning management systems: Empirical evaluation of the System Usability Scale},
  author={Orfanou, Konstantina and Tselios, Nikolaos and Katsanos, Christos},
  journal={The International Review of Research in Open and Distributed Learning},
  volume={16},
  number={2},
  year={2015}
}

@article{rowell2006internet,
  title={Internet-based dissemination of educational audiocasts: a primer in podcasting-how to do it},
  author={Rowell, Melissa R and Corl, Frank M and Johnson, Pamela T and Fishman, Elliot K},
  journal={American Journal of Roentgenology},
  volume={186},
  number={6},
  pages={1792--1796},
  year={2006},
  publisher={Am Roentgen Ray Soc}
}

@inproceedings{Calisto:2017:TTM:3132272.3134111,
 author = {Calisto, Francisco M. and Ferreira, Alfredo and Nascimento, Jacinto C. and Gon\c{c}alves, Daniel},
 title = {Towards Touch-Based Medical Image Diagnosis Annotation},
 booktitle = {Proceedings of the 2017 ACM International Conference on Interactive Surfaces and Spaces},
 series = {ISS '17},
 year = {2017},
 isbn = {978-1-4503-4691-7},
 location = {Brighton, United Kingdom},
 pages = {390--395},
 numpages = {6},
 url = {http://doi.acm.org/10.1145/3132272.3134111},
 doi = {10.1145/3132272.3134111},
 acmid = {3134111},
 publisher = {ACM},
 address = {New York, NY, USA},
 keywords = {Human-Computer Interaction, Interaction Design, Medical Image Diagnosis, Medical Visualization, Touch-Based},
}

@article{flavian2006role,
  title={The role played by perceived usability, satisfaction and consumer trust on website loyalty},
  author={Flavi{\'a}n, Carlos and Guinal{\'\i}u, Miguel and Gurrea, Raquel},
  journal={Information \& management},
  volume={43},
  number={1},
  pages={1--14},
  year={2006},
  publisher={Elsevier}
}

@article{hostetter2018integration,
  title={Integration of a zero-footprint cloud-based picture archiving and communication system with customizable forms for radiology research and education},
  author={Hostetter, Jason and Khanna, Nishanth and Mandell, Jacob C},
  journal={Academic radiology},
  year={2018},
  publisher={Elsevier}
}

@inproceedings{Jodogne:ISBI2013,
  author = {Jodogne, S. and Bernard, C. and Devillers, M. and Lenaerts, E. and Coucke, P.},
  title = {Orthanc -- {A} Lightweight, {REST}ful {DICOM} Server for Healthcare and Medical Research},
  booktitle={Biomedical Imaging ({ISBI}), {IEEE} 10th International Symposium on}, 
  year={2013}, 
  pages={190-193}, 
  ISSN={1945-7928},
  month=apr,
  url={http://orbi.ulg.ac.be/handle/2268/163949},
  address={San Francisco, {CA}, {USA}}
}

@book{wilson2018node,
  title={Node. js 8 the Right Way: Practical, Server-side Javascript that Scales},
  author={Wilson, Jim},
  year={2018},
  publisher={Pragmatic Bookshelf}
}

@book{flanagan2006javascript,
  title={JavaScript: the definitive guide},
  author={Flanagan, David},
  year={2006},
  publisher={" O'Reilly Media, Inc."}
}

@misc{cooke2003picture,
  title={Picture archiving and communication system},
  author={Cooke Jr, Robert E and Gaeta, Michael G and Kaufman, Dean M and Henrici, John G},
  year={2003},
  month=jun # "~3",
  publisher={Google Patents},
  note={US Patent 6,574,629}
}

@book{feller2002understanding,
  title={Understanding open source software development},
  author={Feller, Joseph and Fitzgerald, Brian and others},
  year={2002},
  publisher={Addison-Wesley London}
}

@article{bangor2008empirical,
  title={An empirical evaluation of the system usability scale},
  author={Bangor, Aaron and Kortum, Philip T and Miller, James T},
  journal={Intl. Journal of Human--Computer Interaction},
  volume={24},
  number={6},
  pages={574--594},
  year={2008},
  publisher={Taylor \& Francis}
}

@article{miglioretti2007radiologist,
  title={Radiologist characteristics associated with interpretive performance of diagnostic mammography},
  author={Miglioretti, Diana L and Smith-Bindman, Rebecca and Abraham, Linn and Brenner, R James and Carney, Patricia A and Bowles, Erin J Aiello and Buist, Diana SM and Elmore, Joann G},
  journal={Journal of the National Cancer Institute},
  volume={99},
  number={24},
  pages={1854--1863},
  year={2007},
  publisher={Oxford University Press}
}

@article{kobashi2017evaluation,
  title={Evaluation of the ossification of the cervical poste-rior longitudinal ligament utilizing X-ray, CT and MR imaging},
  author={Kobashi, Y and Munetomo, Y and Baba, A and Yamazoe, S and Mogami, T},
  journal={Orthop Res Traumatol Open J},
  volume={2},
  number={1},
  pages={35--39},
  year={2017}
}

@book{ehrlich2016patient,
  title={Patient Care in Radiography-E-Book: With an Introduction to Medical Imaging},
  author={Ehrlich, Ruth Ann and Coakes, Dawn M},
  year={2016},
  publisher={Elsevier Health Sciences}
}

@book{american1998breast,
  title={Breast imaging reporting and data system},
  author={American College of Radiology. BI-RADS Committee},
  year={1998},
  publisher={American College of Radiology}
}

@article{balleyguier2007birads,
  title={BIRADS classification in mammography},
  author={Balleyguier, Corinne and Ayadi, Salma and Van Nguyen, Kim and Vanel, Daniel and Dromain, Clarisse and Sigal, Robert},
  journal={European journal of radiology},
  volume={61},
  number={2},
  pages={192--194},
  year={2007},
  publisher={Elsevier}
}

@article{fan2018investigating,
  title={Investigating the impacting factors for the healthcare professionals to adopt artificial intelligence-based medical diagnosis support system (AIMDSS)},
  author={Fan, Wenjuan and Liu, Jingnan and Zhu, Shuwan and Pardalos, Panos M},
  journal={Annals of Operations Research},
  pages={1--26},
  year={2018},
  publisher={Springer}
}

@book{goodfellow2016deep,
  title={Deep learning},
  author={Goodfellow, Ian and Bengio, Yoshua and Courville, Aaron and Bengio, Yoshua},
  volume={1},
  year={2016},
  publisher={MIT press Cambridge}
}

@article{elverici2015nonpalpable,
  title={Nonpalpable BI-RADS 4 breast lesions: sonographic findings and pathology correlation},
  author={Elverici, Eda and Bar{\c{c}}a, Ay{\c{s}}e Nurdan and Akta{\c{s}}, Hafize and {\"O}zsoy, Arzu and Zengin, Bet{\"u}l and {\c{C}}avu{\c{s}}o{\u{g}}lu, Mehtap and Araz, Levent},
  journal={Diagnostic and Interventional Radiology},
  volume={21},
  number={3},
  pages={189},
  year={2015},
  publisher={Turkish Society of Radiology}
}

@inproceedings{vedaldi2015matconvnet,
  title={Matconvnet: Convolutional neural networks for matlab},
  author={Vedaldi, Andrea and Lenc, Karel},
  booktitle={Proceedings of the 23rd ACM international conference on Multimedia},
  pages={689--692},
  year={2015},
  organization={ACM}
}

@article{waite2017tired,
  title={Tired in the reading room: the influence of fatigue in radiology},
  author={Waite, Stephen and Kolla, Srinivas and Jeudy, Jean and Legasto, Alan and Macknik, Stephen L and Martinez-Conde, Susana and Krupinski, Elizabeth A and Reede, Deborah L},
  journal={Journal of the American College of Radiology},
  volume={14},
  number={2},
  pages={191--197},
  year={2017},
  publisher={Elsevier}
}

@inproceedings{joyce2017healthcare,
  title={From Healthcare to Human-Computer Interaction: Using Framework Analysis Within Qualitative Inquiry},
  author={Joyce, Ger and Lilley, Mariana and Barker, Trevor and Jefferies, Amanda},
  booktitle={International Conference on Applied Human Factors and Ergonomics},
  pages={93--100},
  year={2017},
  organization={Springer}
}

@article{carayon2015systematic,
  title={A systematic review of mixed methods research on human factors and ergonomics in health care},
  author={Carayon, Pascale and Kianfar, Sarah and Li, Yaqiong and Xie, Anping and Alyousef, Bashar and Wooldridge, Abigail},
  journal={Applied ergonomics},
  volume={51},
  pages={291--321},
  year={2015},
  publisher={Elsevier}
}

@mastersthesis{calisto2017mimbcdui,
  author       = {Francisco Maria Calisto},
  title        = {Medical Imaging Multimodality Breast Cancer Diagnosis User Interface},
  school       = {Instituto Superior T\'{e}cnico},
  year         = 2017,
  address      = {Avenida Rovisco Pais 1, 1049-001 Lisboa - Portugal (EU)},
  month        = 10,
  note         = {A Medical Imaging for Multimodality of Breast Cancer Diagnosis by an User Interface.}
}

@inproceedings{carneiro2015unregistered,
  title={Unregistered multiview mammogram analysis with pre-trained deep learning models},
  author={Carneiro, Gustavo and Nascimento, Jacinto and Bradley, Andrew P},
  booktitle={International Conference on Medical Image Computing and Computer-Assisted Intervention},
  pages={652--660},
  year={2015},
  organization={Springer}
}

@inproceedings{maicas2017deep,
  title={Deep reinforcement learning for active breast lesion detection from dce-mri},
  author={Maicas, Gabriel and Carneiro, Gustavo and Bradley, Andrew P and Nascimento, Jacinto C and Reid, Ian},
  booktitle={International Conference on Medical Image Computing and Computer-Assisted Intervention},
  pages={665--673},
  year={2017},
  organization={Springer}
}

@article{maicas2018pre,
  title={Pre and Post-hoc Diagnosis and Interpretation of Malignancy from Breast DCE-MRI},
  author={Maicas, Gabriel and Bradley, Andrew P and Nascimento, Jacinto C and Reid, Ian and Carneiro, Gustavo},
  journal={arXiv preprint arXiv:1809.09404},
  year={2018}
}

@inproceedings{ribeiro2017real,
  title={A real-time deep learning pedestrian detector for robot navigation},
  author={Ribeiro, David and Mateus, Andr{\'e} and Miraldo, Pedro and Nascimento, Jacinto C},
  booktitle={Autonomous Robot Systems and Competitions (ICARSC), 2017 IEEE International Conference on},
  pages={165--171},
  year={2017},
  organization={IEEE}
}

@article{ribeiro2016real,
  title={A real-time pedestrian detector using deep learning for human-aware navigation},
  author={Ribeiro, David and Mateus, Andre and Nascimento, Jacinto C and Miraldo, Pedro},
  journal={arXiv preprint arXiv:1607.04441},
  year={2016}
}

@inproceedings{cao2015collaborative,
  title={A collaborative framework for annotating energy datasets},
  author={Cao, H{\^o}ng-An and Wijaya, Tri Kurniawan and Aberer, Karl and Nunes, Nuno},
  booktitle={Big Data (Big Data), 2015 IEEE International Conference on},
  pages={2716--2725},
  year={2015},
  organization={IEEE}
}
