@inproceedings{andersen2017bringing,
  title={Bringing content understanding into usability testing in complex application domains - a case study in eHealth},
  author={Andersen, Simon Bruntse and Rasmussen, Claire Kirchert and Fr{\o}kj{\ae}r, Erik},
  booktitle={International Conference of Design, User Experience, and Usability},
  pages={327--341},
  year={2017},
  organization={Springer}
}

@article{nair2015clinical,
  title={A clinical decision support system for chronic pain management in primary care: usability testing and its relevance},
  author={Nair, Kalpana Maria and Malaeekeh, Raheleh and Schabort, Inge and Taenzer, Paul and Radhakrishnan, Arun and Guenter, Dale},
  journal={Journal of innovation in health informatics},
  volume={22},
  number={3},
  pages={329--332},
  year={2015}
}

@article{sauro201210,
  title={10 things to know about the Single Ease Question (SEQ)},
  author={Sauro, J},
  journal={Measuring U, 2012},
  year={2012}
}
