@inproceedings{andersen2017bringing,
  title={Bringing content understanding into usability testing in complex application domains - a case study in eHealth},
  author={Andersen, Simon Bruntse and Rasmussen, Claire Kirchert and Fr{\o}kj{\ae}r, Erik},
  booktitle={International Conference of Design, User Experience, and Usability},
  pages={327--341},
  year={2017},
  organization={Springer}
}

@article{nair2015clinical,
  title={A clinical decision support system for chronic pain management in primary care: usability testing and its relevance},
  author={Nair, Kalpana Maria and Malaeekeh, Raheleh and Schabort, Inge and Taenzer, Paul and Radhakrishnan, Arun and Guenter, Dale},
  journal={Journal of innovation in health informatics},
  volume={22},
  number={3},
  pages={329--332},
  year={2015}
}

@article{sauro201210,
  title={10 things to know about the Single Ease Question (SEQ)},
  author={Sauro, J},
  journal={Measuring U, 2012},
  year={2012}
}

@article{ramkumar2017using,
  title={Using GOMS and NASA-TLX to Evaluate Human--Computer Interaction Process in Interactive Segmentation},
  author={Ramkumar, Anjana and Stappers, Pieter Jan and Niessen, Wiro J and Adebahr, Sonja and Schimek-Jasch, Tanja and Nestle, Ursula and Song, Yu},
  journal={International Journal of Human--Computer Interaction},
  volume={33},
  number={2},
  pages={123--134},
  year={2017},
  publisher={Taylor \& Francis}
}

@article{orfanou2015perceived,
  title={Perceived usability evaluation of learning management systems: Empirical evaluation of the System Usability Scale},
  author={Orfanou, Konstantina and Tselios, Nikolaos and Katsanos, Christos},
  journal={The International Review of Research in Open and Distributed Learning},
  volume={16},
  number={2},
  year={2015}
}

@article{rowell2006internet,
  title={Internet-based dissemination of educational audiocasts: a primer in podcasting-how to do it},
  author={Rowell, Melissa R and Corl, Frank M and Johnson, Pamela T and Fishman, Elliot K},
  journal={American Journal of Roentgenology},
  volume={186},
  number={6},
  pages={1792--1796},
  year={2006},
  publisher={Am Roentgen Ray Soc}
}

@inproceedings{Calisto:2017:TTM:3132272.3134111,
 author = {Calisto, Francisco M. and Ferreira, Alfredo and Nascimento, Jacinto C. and Gon\c{c}alves, Daniel},
 title = {Towards Touch-Based Medical Image Diagnosis Annotation},
 booktitle = {Proceedings of the 2017 ACM International Conference on Interactive Surfaces and Spaces},
 series = {ISS '17},
 year = {2017},
 isbn = {978-1-4503-4691-7},
 location = {Brighton, United Kingdom},
 pages = {390--395},
 numpages = {6},
 url = {http://doi.acm.org/10.1145/3132272.3134111},
 doi = {10.1145/3132272.3134111},
 acmid = {3134111},
 publisher = {ACM},
 address = {New York, NY, USA},
 keywords = {Human-Computer Interaction, Interaction Design, Medical Image Diagnosis, Medical Visualization, Touch-Based},
}

@article{flavian2006role,
  title={The role played by perceived usability, satisfaction and consumer trust on website loyalty},
  author={Flavi{\'a}n, Carlos and Guinal{\'\i}u, Miguel and Gurrea, Raquel},
  journal={Information \& management},
  volume={43},
  number={1},
  pages={1--14},
  year={2006},
  publisher={Elsevier}
}

@article{hostetter2018integration,
  title={Integration of a zero-footprint cloud-based picture archiving and communication system with customizable forms for radiology research and education},
  author={Hostetter, Jason and Khanna, Nishanth and Mandell, Jacob C},
  journal={Academic radiology},
  year={2018},
  publisher={Elsevier}
}

@inproceedings{Jodogne:ISBI2013,
  author = {Jodogne, S. and Bernard, C. and Devillers, M. and Lenaerts, E. and Coucke, P.},
  title = {Orthanc -- {A} Lightweight, {REST}ful {DICOM} Server for Healthcare and Medical Research},
  booktitle={Biomedical Imaging ({ISBI}), {IEEE} 10th International Symposium on}, 
  year={2013}, 
  pages={190-193}, 
  ISSN={1945-7928},
  month=apr,
  url={http://orbi.ulg.ac.be/handle/2268/163949},
  address={San Francisco, {CA}, {USA}}
}

@book{wilson2018node,
  title={Node. js 8 the Right Way: Practical, Server-side Javascript that Scales},
  author={Wilson, Jim},
  year={2018},
  publisher={Pragmatic Bookshelf}
}

@book{flanagan2006javascript,
  title={JavaScript: the definitive guide},
  author={Flanagan, David},
  year={2006},
  publisher={" O'Reilly Media, Inc."}
}

@misc{cooke2003picture,
  title={Picture archiving and communication system},
  author={Cooke Jr, Robert E and Gaeta, Michael G and Kaufman, Dean M and Henrici, John G},
  year={2003},
  month=jun # "~3",
  publisher={Google Patents},
  note={US Patent 6,574,629}
}

@book{feller2002understanding,
  title={Understanding open source software development},
  author={Feller, Joseph and Fitzgerald, Brian and others},
  year={2002},
  publisher={Addison-Wesley London}
}
