@misc{francisco_maria_calisto_2019_2639038,
  author       = {Francisco Maria Calisto},
  title        = {mida-project/testing-guide-breast: v1.0.1-alpha},
  month        = apr,
  year         = 2019,
  doi          = {10.5281/zenodo.2639038},
  url          = {https://doi.org/10.5281/zenodo.2639038}
}

@inproceedings{andersen2017bringing,
  title={Bringing content understanding into usability testing in complex application domains - a case study in eHealth},
  author={Andersen, Simon Bruntse and Rasmussen, Claire Kirchert and Fr{\o}kj{\ae}r, Erik},
  booktitle={International Conference of Design, User Experience, and Usability},
  pages={327--341},
  year={2017},
  organization={Springer}
}

@article{nair2015clinical,
  title={A clinical decision support system for chronic pain management in primary care: usability testing and its relevance},
  author={Nair, Kalpana Maria and Malaeekeh, Raheleh and Schabort, Inge and Taenzer, Paul and Radhakrishnan, Arun and Guenter, Dale},
  journal={Journal of innovation in health informatics},
  volume={22},
  number={3},
  pages={329--332},
  year={2015}
}

@article{sauro201210,
  title={10 things to know about the Single Ease Question (SEQ)},
  author={Sauro, J},
  journal={Measuring U, 2012},
  year={2012}
}

@article{ramkumar2017using,
  title={Using GOMS and NASA-TLX to Evaluate Human--Computer Interaction Process in Interactive Segmentation},
  author={Ramkumar, Anjana and Stappers, Pieter Jan and Niessen, Wiro J and Adebahr, Sonja and Schimek-Jasch, Tanja and Nestle, Ursula and Song, Yu},
  journal={International Journal of Human--Computer Interaction},
  volume={33},
  number={2},
  pages={123--134},
  year={2017},
  publisher={Taylor \& Francis}
}

@article{orfanou2015perceived,
  title={Perceived usability evaluation of learning management systems: Empirical evaluation of the System Usability Scale},
  author={Orfanou, Konstantina and Tselios, Nikolaos and Katsanos, Christos},
  journal={The International Review of Research in Open and Distributed Learning},
  volume={16},
  number={2},
  year={2015}
}

@article{rowell2006internet,
  title={Internet-based dissemination of educational audiocasts: a primer in podcasting-how to do it},
  author={Rowell, Melissa R and Corl, Frank M and Johnson, Pamela T and Fishman, Elliot K},
  journal={American Journal of Roentgenology},
  volume={186},
  number={6},
  pages={1792--1796},
  year={2006},
  publisher={Am Roentgen Ray Soc}
}

@inproceedings{Calisto:2017:TTM:3132272.3134111,
 author = {Calisto, Francisco M. and Ferreira, Alfredo and Nascimento, Jacinto C. and Gon\c{c}alves, Daniel},
 title = {Towards Touch-Based Medical Image Diagnosis Annotation},
 booktitle = {Proceedings of the 2017 ACM International Conference on Interactive Surfaces and Spaces},
 series = {ISS '17},
 year = {2017},
 isbn = {978-1-4503-4691-7},
 location = {Brighton, United Kingdom},
 pages = {390--395},
 numpages = {6},
 url = {http://doi.acm.org/10.1145/3132272.3134111},
 doi = {10.1145/3132272.3134111},
 acmid = {3134111},
 publisher = {ACM},
 address = {New York, NY, USA},
 keywords = {Human-Computer Interaction, Interaction Design, Medical Image Diagnosis, Medical Visualization, Touch-Based},
}

@article{flavian2006role,
  title={The role played by perceived usability, satisfaction and consumer trust on website loyalty},
  author={Flavi{\'a}n, Carlos and Guinal{\'\i}u, Miguel and Gurrea, Raquel},
  journal={Information \& management},
  volume={43},
  number={1},
  pages={1--14},
  year={2006},
  publisher={Elsevier}
}

@article{hostetter2018integration,
  title={Integration of a zero-footprint cloud-based picture archiving and communication system with customizable forms for radiology research and education},
  author={Hostetter, Jason and Khanna, Nishanth and Mandell, Jacob C},
  journal={Academic radiology},
  year={2018},
  publisher={Elsevier}
}

@inproceedings{Jodogne:ISBI2013,
  author = {Jodogne, S. and Bernard, C. and Devillers, M. and Lenaerts, E. and Coucke, P.},
  title = {Orthanc -- {A} Lightweight, {REST}ful {DICOM} Server for Healthcare and Medical Research},
  booktitle={Biomedical Imaging ({ISBI}), {IEEE} 10th International Symposium on}, 
  year={2013}, 
  pages={190-193}, 
  ISSN={1945-7928},
  month=apr,
  url={http://orbi.ulg.ac.be/handle/2268/163949},
  address={San Francisco, {CA}, {USA}}
}

@book{wilson2018node,
  title={Node. js 8 the Right Way: Practical, Server-side Javascript that Scales},
  author={Wilson, Jim},
  year={2018},
  publisher={Pragmatic Bookshelf}
}

@book{flanagan2006javascript,
  title={JavaScript: the definitive guide},
  author={Flanagan, David},
  year={2006},
  publisher={" O'Reilly Media, Inc."}
}

@misc{cooke2003picture,
  title={Picture archiving and communication system},
  author={Cooke Jr, Robert E and Gaeta, Michael G and Kaufman, Dean M and Henrici, John G},
  year={2003},
  month=jun # "~3",
  publisher={Google Patents},
  note={US Patent 6,574,629}
}

@book{feller2002understanding,
  title={Understanding open source software development},
  author={Feller, Joseph and Fitzgerald, Brian and others},
  year={2002},
  publisher={Addison-Wesley London}
}

@article{bangor2008empirical,
  title={An empirical evaluation of the system usability scale},
  author={Bangor, Aaron and Kortum, Philip T and Miller, James T},
  journal={Intl. Journal of Human--Computer Interaction},
  volume={24},
  number={6},
  pages={574--594},
  year={2008},
  publisher={Taylor \& Francis}
}

@article{miglioretti2007radiologist,
  title={Radiologist characteristics associated with interpretive performance of diagnostic mammography},
  author={Miglioretti, Diana L and Smith-Bindman, Rebecca and Abraham, Linn and Brenner, R James and Carney, Patricia A and Bowles, Erin J Aiello and Buist, Diana SM and Elmore, Joann G},
  journal={Journal of the National Cancer Institute},
  volume={99},
  number={24},
  pages={1854--1863},
  year={2007},
  publisher={Oxford University Press}
}

@article{kobashi2017evaluation,
  title={Evaluation of the ossification of the cervical poste-rior longitudinal ligament utilizing X-ray, CT and MR imaging},
  author={Kobashi, Y and Munetomo, Y and Baba, A and Yamazoe, S and Mogami, T},
  journal={Orthop Res Traumatol Open J},
  volume={2},
  number={1},
  pages={35--39},
  year={2017}
}

@book{ehrlich2016patient,
  title={Patient Care in Radiography-E-Book: With an Introduction to Medical Imaging},
  author={Ehrlich, Ruth Ann and Coakes, Dawn M},
  year={2016},
  publisher={Elsevier Health Sciences}
}

@book{american1998breast,
  title={Breast imaging reporting and data system},
  author={American College of Radiology. BI-RADS Committee},
  year={1998},
  publisher={American College of Radiology}
}

@article{balleyguier2007birads,
  title={BIRADS classification in mammography},
  author={Balleyguier, Corinne and Ayadi, Salma and Van Nguyen, Kim and Vanel, Daniel and Dromain, Clarisse and Sigal, Robert},
  journal={European journal of radiology},
  volume={61},
  number={2},
  pages={192--194},
  year={2007},
  publisher={Elsevier}
}

@article{fan2018investigating,
  title={Investigating the impacting factors for the healthcare professionals to adopt artificial intelligence-based medical diagnosis support system (AIMDSS)},
  author={Fan, Wenjuan and Liu, Jingnan and Zhu, Shuwan and Pardalos, Panos M},
  journal={Annals of Operations Research},
  pages={1--26},
  year={2018},
  publisher={Springer}
}

@book{goodfellow2016deep,
  title={Deep learning},
  author={Goodfellow, Ian and Bengio, Yoshua and Courville, Aaron and Bengio, Yoshua},
  volume={1},
  year={2016},
  publisher={MIT press Cambridge}
}

@article{elverici2015nonpalpable,
  title={Nonpalpable BI-RADS 4 breast lesions: sonographic findings and pathology correlation},
  author={Elverici, Eda and Bar{\c{c}}a, Ay{\c{s}}e Nurdan and Akta{\c{s}}, Hafize and {\"O}zsoy, Arzu and Zengin, Bet{\"u}l and {\c{C}}avu{\c{s}}o{\u{g}}lu, Mehtap and Araz, Levent},
  journal={Diagnostic and Interventional Radiology},
  volume={21},
  number={3},
  pages={189},
  year={2015},
  publisher={Turkish Society of Radiology}
}

@inproceedings{vedaldi2015matconvnet,
  title={Matconvnet: Convolutional neural networks for matlab},
  author={Vedaldi, Andrea and Lenc, Karel},
  booktitle={Proceedings of the 23rd ACM international conference on Multimedia},
  pages={689--692},
  year={2015},
  organization={ACM}
}

@article{waite2017tired,
  title={Tired in the reading room: the influence of fatigue in radiology},
  author={Waite, Stephen and Kolla, Srinivas and Jeudy, Jean and Legasto, Alan and Macknik, Stephen L and Martinez-Conde, Susana and Krupinski, Elizabeth A and Reede, Deborah L},
  journal={Journal of the American College of Radiology},
  volume={14},
  number={2},
  pages={191--197},
  year={2017},
  publisher={Elsevier}
}

@inproceedings{joyce2017healthcare,
  title={From Healthcare to Human-Computer Interaction: Using Framework Analysis Within Qualitative Inquiry},
  author={Joyce, Ger and Lilley, Mariana and Barker, Trevor and Jefferies, Amanda},
  booktitle={International Conference on Applied Human Factors and Ergonomics},
  pages={93--100},
  year={2017},
  organization={Springer}
}

@article{carayon2015systematic,
  title={A systematic review of mixed methods research on human factors and ergonomics in health care},
  author={Carayon, Pascale and Kianfar, Sarah and Li, Yaqiong and Xie, Anping and Alyousef, Bashar and Wooldridge, Abigail},
  journal={Applied ergonomics},
  volume={51},
  pages={291--321},
  year={2015},
  publisher={Elsevier}
}

@mastersthesis{calisto2017mimbcdui,
  author       = {Francisco Maria Calisto},
  title        = {Medical Imaging Multimodality Breast Cancer Diagnosis User Interface},
  school       = {Instituto Superior T\'{e}cnico},
  year         = 2017,
  address      = {Avenida Rovisco Pais 1, 1049-001 Lisboa - Portugal (EU)},
  month        = 10,
  note         = {A Medical Imaging for Multimodality of Breast Cancer Diagnosis by an User Interface.}
}

@inproceedings{carneiro2015unregistered,
  title={Unregistered multiview mammogram analysis with pre-trained deep learning models},
  author={Carneiro, Gustavo and Nascimento, Jacinto and Bradley, Andrew P},
  booktitle={International Conference on Medical Image Computing and Computer-Assisted Intervention},
  pages={652--660},
  year={2015},
  organization={Springer}
}

@inproceedings{maicas2017deep,
  title={Deep reinforcement learning for active breast lesion detection from dce-mri},
  author={Maicas, Gabriel and Carneiro, Gustavo and Bradley, Andrew P and Nascimento, Jacinto C and Reid, Ian},
  booktitle={International Conference on Medical Image Computing and Computer-Assisted Intervention},
  pages={665--673},
  year={2017},
  organization={Springer}
}

@article{maicas2018pre,
  title={Pre and Post-hoc Diagnosis and Interpretation of Malignancy from Breast DCE-MRI},
  author={Maicas, Gabriel and Bradley, Andrew P and Nascimento, Jacinto C and Reid, Ian and Carneiro, Gustavo},
  journal={arXiv preprint arXiv:1809.09404},
  year={2018}
}

@inproceedings{ribeiro2017real,
  title={A real-time deep learning pedestrian detector for robot navigation},
  author={Ribeiro, David and Mateus, Andr{\'e} and Miraldo, Pedro and Nascimento, Jacinto C},
  booktitle={Autonomous Robot Systems and Competitions (ICARSC), 2017 IEEE International Conference on},
  pages={165--171},
  year={2017},
  organization={IEEE}
}

@article{ribeiro2016real,
  title={A real-time pedestrian detector using deep learning for human-aware navigation},
  author={Ribeiro, David and Mateus, Andre and Nascimento, Jacinto C and Miraldo, Pedro},
  journal={arXiv preprint arXiv:1607.04441},
  year={2016}
}

@inproceedings{cao2015collaborative,
  title={A collaborative framework for annotating energy datasets},
  author={Cao, H{\^o}ng-An and Wijaya, Tri Kurniawan and Aberer, Karl and Nunes, Nuno},
  booktitle={Big Data (Big Data), 2015 IEEE International Conference on},
  pages={2716--2725},
  year={2015},
  organization={IEEE}
}

@article{calistobreastscreening,
  title={BreastScreening: A Multimodality Diagnostic Assistant},
  author={Calisto, Francisco M and Miraldo, Pedro and Nunes, Nuno and Nascimento, Jacinto C}
}

@article{amershi2019guidelines,
  title={Guidelines for Human-AI Interaction},
  author={Amershi, Saleema and Weld, Dan and Vorvoreanu, Mihaela and Fourney, Adam and Nushi, Besmira and Collisson, Penny and Suh, Jina and Iqbal, Shamsi and Bennett, Paul N and Inkpen, Kori and others},
  year={2019}
}

@article{kocielnik2019will,
  title={Will You Accept an Imperfect AI? Exploring Designs for Adjusting End-user Expectations of AI Systems},
  author={Kocielnik, Rafal and Amershi, Saleema and Bennett, Paul N},
  year={2019}
}

@article{gunning2017explainable,
  title={Explainable artificial intelligence (xai)},
  author={Gunning, David},
  journal={Defense Advanced Research Projects Agency (DARPA), nd Web},
  year={2017}
}

@article{holzinger2017we,
  title={What do we need to build explainable AI systems for the medical domain?},
  author={Holzinger, Andreas and Biemann, Chris and Pattichis, Constantinos S and Kell, Douglas B},
  journal={arXiv preprint arXiv:1712.09923},
  year={2017}
}

@article{chatelain2018evaluation,
  title={Evaluation of Gaze Tracking Calibration for Longitudinal Biomedical Imaging Studies},
  author={Chatelain, Pierre and Sharma, Harshita and Drukker, Lior and Papageorghiou, Aris T and Noble, J Alison},
  journal={IEEE transactions on cybernetics},
  number={99},
  pages={1--11},
  year={2018},
  publisher={IEEE}
}

@inproceedings{reale2018using,
  title={Using Scenarios Throughout The User-Centered Design Process in Healthcare},
  author={Reale, Carrie and Speir, Ross and Ruark, Kurt and Herout, Jennifer and Slagle, Jason and Weinger, Matthew B and Anders, Shilo},
  booktitle={Proceedings of the Human Factors and Ergonomics Society Annual Meeting},
  volume={62},
  number={1},
  pages={610--614},
  year={2018},
  organization={SAGE Publications Sage CA: Los Angeles, CA}
}

@article{kilsdonk2016uncovering,
  title={Uncovering healthcare practitioners’ information processing using the think-aloud method: From paper-based guideline to clinical decision support system},
  author={Kilsdonk, Ellen and Peute, LW and Riezebos, Rinke J and Kremer, Leontien C and Jaspers, Monique WM},
  journal={International journal of medical informatics},
  volume={86},
  pages={10--19},
  year={2016},
  publisher={Elsevier}
}

@article{bolle2016authors,
  title={Authors’ Reply: Response to “Older Cancer Patients’ User Experiences With Web-Based Health Information Tools: A Think-Aloud Study”},
  author={Bolle, Sifra and Romijn, Geke and Smets, Ellen MA and Loos, Eugene F and Kunneman, Marleen and van Weert, Julia CM},
  journal={Journal of medical Internet research},
  volume={18},
  number={11},
  pages={e289},
  year={2016},
  publisher={JMIR Publications Inc., Toronto, Canada}
}

@article{oliveiraadaptive,
  title={Adaptive Q-Sort Matrix Generation: A Simplified Approach},
  author={Oliveira, Bruno and Calisto, Francisco Maria and Gomes, Lilian and Borbinha, Jos{\'e}}
}

@article{ioannidis1998effect,
  title={Effect of the statistical significance of results on the time to completion and publication of randomized efficacy trials},
  author={Ioannidis, John PA},
  journal={Jama},
  volume={279},
  number={4},
  pages={281--286},
  year={1998},
  publisher={American Medical Association}
}

@article{obenauer2005applications,
  title={Applications and literature review of the BI-RADS classification},
  author={Obenauer, S and Hermann, KP and Grabbe, E},
  journal={European radiology},
  volume={15},
  number={5},
  pages={1027--1036},
  year={2005},
  publisher={Springer}
}

@contents{https://doi.org/10.13140/rg.2.2.25301.06883,
  doi = {10.13140/rg.2.2.25301.06883},
  url = {http://rgdoi.net/10.13140/RG.2.2.25301.06883},
  author = {Calisto,  Francisco Maria and Nascimento,  Jacinto C.},
  language = {en},
  title = {SUS Survey},
  publisher = {ResearchGate},
  year = {2018}
}

@misc{francisco_maria_calisto_2018_1435044,
  author       = {Francisco Maria Calisto},
  title        = {MIMBCD-UI/sus: v1.0.0-alpha},
  month        = sep,
  year         = 2018,
  doi          = {10.5281/zenodo.1435044},
  url          = {https://doi.org/10.5281/zenodo.1435044}
}

@contents{https://doi.org/10.13140/rg.2.2.26978.79044,
  doi = {10.13140/rg.2.2.26978.79044},
  url = {http://rgdoi.net/10.13140/RG.2.2.26978.79044},
  author = {Calisto,  Francisco Maria and Nascimento,  Jacinto C.},
  language = {en},
  title = {NASA-TLX Survey},
  publisher = {ResearchGate},
  year = {2018}
}

@misc{francisco_maria_calisto_2018_1435042,
  author       = {Francisco Maria Calisto},
  title        = {MIMBCD-UI/nasa-tlx: v1.0.0-alpha},
  month        = sep,
  year         = 2018,
  doi          = {10.5281/zenodo.1435042},
  url          = {https://doi.org/10.5281/zenodo.1435042}
}

@article{merchant2018digital,
  title={Digital health intervention for asthma: patient-reported value and usability},
  author={Merchant, Rajan and Inamdar, Rubina and Henderson, Kelly and Barrett, Meredith and Su, Jason G and Riley, Jesika and Van Sickle, David and Stempel, David},
  journal={JMIR mHealth and uHealth},
  volume={6},
  number={6},
  pages={e133},
  year={2018},
  publisher={JMIR Publications Inc., Toronto, Canada}
}

@article{abelson2016supporting,
  title={Supporting quality public and patient engagement in health system organizations: development and usability testing of the P ublic and P atient E ngagement E valuation T ool},
  author={Abelson, Julia and Li, Kathy and Wilson, Geoff and Shields, Kristin and Schneider, Colleen and Boesveld, Sarah},
  journal={Health Expectations},
  volume={19},
  number={4},
  pages={817--827},
  year={2016},
  publisher={Wiley Online Library}
}

@article{huang2018impact,
  title={Impact of brain arousal and time-on-task on autonomic nervous system activity in the wake-sleep transition},
  author={Huang, Jue and Ulke, Christine and Sander, Christian and Jawinski, Philippe and Spada, Janek and Hegerl, Ulrich and Hensch, Tilman},
  journal={BMC neuroscience},
  volume={19},
  number={1},
  pages={18},
  year={2018},
  publisher={BioMed Central}
}

@article{delgado2017time,
  title={Time on Task: Perceived and measured time in online courses for students and faculty},
  author={Delgado, Cheryl and Wolf, Linda},
  journal={Journal of Nursing Education and Practice},
  volume={7},
  number={5},
  year={2017}
}

@article{ashraf2018comparative,
  title={A Comparative Study of Data Mining Algorithms for High Detection Rate in Intrusion Detection System},
  author={Ashraf, Nabeela and Ahmad, Waqar and Ashraf, Rehan},
  journal={Annals of Emerging Technologies in Computing (AETiC)},
  volume={2},
  number={1},
  year={2018}
}

@article{li2018digital,
  title={Digital breast tomosynthesis (3D mammography) for breast cancer screening and for assessment of screen-recalled findings: review of the evidence},
  author={Li, Tong and Marinovich, Michael Luke and Houssami, Nehmat},
  journal={Expert review of anticancer therapy},
  volume={18},
  number={8},
  pages={785--791},
  year={2018},
  publisher={Taylor \& Francis}
}

@inproceedings{vaidyanathan2014recurrence,
  title={Recurrence quantification analysis reveals eye-movement behavior differences between experts and novices},
  author={Vaidyanathan, Preethi and Pelz, Jeff and Alm, Cecilia and Shi, Pengcheng and Haake, Anne},
  booktitle={Proceedings of the Symposium on Eye Tracking Research and Applications},
  pages={303--306},
  year={2014},
  organization={ACM}
}

@article{anderson2013recurrence,
  title={Recurrence quantification analysis of eye movements},
  author={Anderson, Nicola C and Bischof, Walter F and Laidlaw, Kaitlin EW and Risko, Evan F and Kingstone, Alan},
  journal={Behavior research methods},
  volume={45},
  number={3},
  pages={842--856},
  year={2013},
  publisher={Springer}
}

@article{paulo3d,
  title={3D Reconstruction of CT Colonography Models for VR/AR Applications using Free Software Tools},
  author={Paulo, Soraia Figueiredo and Figueiredo, Nuno and Jorge, Joaquim Armando and Lopes, Daniel Sim{\~o}es}
}

@inproceedings{lopes2018interaction,
  title={Interaction Techniques for Immersive CT Colonography: A Professional Assessment},
  author={Lopes, Daniel Sim{\~o}es and Medeiros, Daniel and Paulo, Soraia Figueiredo and Borges, Pedro Brasil and Nunes, Vitor and Mascarenhas, Vasco and Veiga, Marcos and Jorge, Joaquim Armando},
  booktitle={International Conference on Medical Image Computing and Computer-Assisted Intervention},
  pages={629--637},
  year={2018},
  organization={Springer}
}

@inproceedings{sousa2017vrrrroom,
  title={Vrrrroom: Virtual reality for radiologists in the reading room},
  author={Sousa, Maur{\'\i}cio and Mendes, Daniel and Paulo, Soraia and Matela, Nuno and Jorge, Joaquim and Lopes, Daniel Sim{\~o}es},
  booktitle={Proceedings of the 2017 CHI Conference on Human Factors in Computing Systems},
  pages={4057--4062},
  year={2017},
  organization={ACM}
}

@article{marandi2018reliability,
  title={Reliability of oculometrics during a mentally demanding task in young and old adults},
  author={Marandi, Ramtin Zargari and Madeleine, Pascal and Omland, {\O}yvind and Vuillerme, Nicolas and Samani, Afshin},
  journal={Ieee Access},
  volume={6},
  pages={17500--17517},
  year={2018},
  publisher={IEEE}
}

@article{marandi2018eye,
  title={Eye movement characteristics reflected fatigue development in both young and elderly individuals},
  author={Marandi, Ramtin Zargari and Madeleine, Pascal and Omland, {\O}yvind and Vuillerme, Nicolas and Samani, Afshin},
  journal={Scientific reports},
  volume={8},
  number={1},
  pages={13148},
  year={2018},
  publisher={Nature Publishing Group}
}

@article{di2014saccadic,
  title={Saccadic eye movement metrics reflect surgical residents' fatigue},
  author={Di Stasi, Leandro L and McCamy, Michael B and Macknik, Stephen L and Mankin, James A and Hooft, Nicole and Catena, Andr{\'e}s and Martinez-Conde, Susana},
  journal={Annals of surgery},
  volume={259},
  number={4},
  pages={824--829},
  year={2014},
  publisher={LWW}
}

@inproceedings{santiago2018combining,
  title={Combining an Active Shape and Motion Models for Object Segmentation in Image Sequences},
  author={Santiago, Carlos and Nascimento, Jacinto C and Marques, Jorge S},
  booktitle={2018 25th IEEE International Conference on Image Processing (ICIP)},
  pages={3703--3707},
  year={2018},
  organization={IEEE}
}

@article{mayer1995integrative,
  title={An integrative model of organizational trust},
  author={Mayer, Roger C and Davis, James H and Schoorman, F David},
  journal={Academy of management review},
  volume={20},
  number={3},
  pages={709--734},
  year={1995},
  publisher={Academy of Management Briarcliff Manor, NY 10510}
}

@article{https://doi.org/10.13140/rg.2.2.23078.37448,
  doi = {10.13140/rg.2.2.23078.37448},
  url = {http://rgdoi.net/10.13140/RG.2.2.23078.37448},
  author = {Calisto,  Francisco Maria and Nunes,  Nuno Jardim and Nascimento,  Jacinto C.},
  language = {en},
  title = {Dimensions Of Trust Scale (DOTS) Survey},
  publisher = {University of Lisbon},
  year = {2019}
}

@misc{francisco_maria_calisto_2019_2671717,
  author       = {Francisco Maria Calisto},
  title        = {mida-project/dots: v1.0.1-alpha},
  month        = may,
  year         = 2019,
  doi          = {10.5281/zenodo.2671717},
  url          = {https://doi.org/10.5281/zenodo.2671717}
}

@inproceedings{Cai:2019:HTC:3290605.3300234,
 author = {Cai, Carrie J. and Reif, Emily and Hegde, Narayan and Hipp, Jason and Kim, Been and Smilkov, Daniel and Wattenberg, Martin and Viegas, Fernanda and Corrado, Greg S. and Stumpe, Martin C. and Terry, Michael},
 title = {Human-Centered Tools for Coping with Imperfect Algorithms During Medical Decision-Making},
 booktitle = {Proceedings of the 2019 CHI Conference on Human Factors in Computing Systems},
 series = {CHI '19},
 year = {2019},
 isbn = {978-1-4503-5970-2},
 location = {Glasgow, Scotland Uk},
 pages = {4:1--4:14},
 articleno = {4},
 numpages = {14},
 url = {http://doi.acm.org/10.1145/3290605.3300234},
 doi = {10.1145/3290605.3300234},
 acmid = {3300234},
 publisher = {ACM},
 address = {New York, NY, USA},
 keywords = {clinical health, human-ai interaction, machine learning},
}

@inproceedings{Cai:2019:EEE:3301275.3302289,
 author = {Cai, Carrie J. and Jongejan, Jonas and Holbrook, Jess},
 title = {The Effects of Example-based Explanations in a Machine Learning Interface},
 booktitle = {Proceedings of the 24th International Conference on Intelligent User Interfaces},
 series = {IUI '19},
 year = {2019},
 isbn = {978-1-4503-6272-6},
 location = {Marina del Ray, California},
 pages = {258--262},
 numpages = {5},
 url = {http://doi.acm.org/10.1145/3301275.3302289},
 doi = {10.1145/3301275.3302289},
 acmid = {3302289},
 publisher = {ACM},
 address = {New York, NY, USA},
 keywords = {example-based explanations, explainable AI, human-AI interaction, machine learning},
}

@article{joshi2015likert,
  title={Likert scale: Explored and explained},
  author={Joshi, Ankur and Kale, Saket and Chandel, Satish and Pal, DK},
  journal={British Journal of Applied Science \& Technology},
  volume={7},
  number={4},
  pages={396},
  year={2015},
  publisher={SCIENCEDOMAIN International}
}