@misc{UTA11,
author = {Mour\~{a}o, N\'{a}dia and Lencastre, Hugo and Calisto, Francisco Maria},
year = {2020},
month = {June},
title = {MIMBCD-UI UTA11 - Focus Group - Transcript},
doi = {10.13140/RG.2.2.12006.86085}
}

@misc{UTA10,
author = {Mour\~{a}o, N\'{a}dia and Lencastre, Hugo and Calisto, Francisco Maria},
year = {2020},
month = {June},
title = {MIMBCD-UI UTA10 - Focus Group - Transcript},
doi = {10.13140/RG.2.2.20395.46881}
}

@misc{UTA9,
author = {Mour\~{a}o, N\'{a}dia and Lencastre, Hugo and Calisto, Francisco Maria},
year = {2020},
month = {June},
title = {MIMBCD-UI UTA9 - Focus Group - Transcript},
doi = {10.13140/RG.2.2.23750.91207}
}

@misc{UTA8,
author = {Mour\~{a}o, N\'{a}dia and Lencastre, Hugo and Calisto, Francisco Maria},
year = {2020},
month = {June},
title = {MIMBCD-UI UTA8 - Focus Group - Transcript},
doi = {10.13140/RG.2.2.26477.20963}
}

@techreport{https://doi.org/10.13140/RG.2.2.32577.92001/1,
  doi = {10.13140/RG.2.2.32577.92001/1},
  url = {http://rgdoi.net/10.13140/RG.2.2.32577.92001/1},
  author = {Lencastre, Hugo and Calisto,  Francisco Maria},
  language = {en},
  title = {FeedBot User Testing Guide Daily Task},
  publisher = {Madeira Interactive Technologies Institute},
  year = {2019},
  month = {April},
  institution={Instituto Superior T\'{e}cnico}
}

@techreport{https://doi.org/10.13140/RG.2.2.31319.62885/1,
  doi = {10.13140/RG.2.2.31319.62885/1},
  url = {http://rgdoi.net/10.13140/RG.2.2.31319.62885/1},
  author = {Lencastre, Hugo and Calisto,  Francisco Maria},
  language = {en},
  title = {FeedBot User Testing Guide User Characterization},
  publisher = {Madeira Interactive Technologies Institute},
  year = {2019},
  month = {March},
  institution={Instituto Superior T\'{e}cnico}
}

@misc{LesionsTypes,
  doi = {10.13140/RG.2.2.33693.26086},
  url = {http://rgdoi.net/10.13140/RG.2.2.33693.26086},
  author = {Mour\~{a}o, N\'{a}dia and Calisto,  Francisco Maria  and Nascimento,  Jacinto C.},
  language = {en},
  title = {MIMBCD-UI: AI Visual Explaination - Lesions Types},
  publisher = {ResearchGate},
  year = {2020},
  month = {January}
}

@misc{10.13140/RG.2.2.28345.52322,
  doi = {10.13140/RG.2.2.28345.52322},
  url = {http://rgdoi.net/10.13140/RG.2.2.28345.52322},
  author = {Lencastre, Hugo and Calisto,  Francisco Maria  and Nascimento,  Jacinto C.},
  language = {en},
  title = {3D Module View Feature},
  publisher = {ResearchGate},
  year = {2020},
  month = {January}
}

@misc{10.13140/RG.2.2.22788.07048,
  doi = {10.13140/RG.2.2.22788.07048},
  url = {http://rgdoi.net/10.13140/RG.2.2.22788.07048},
  author = {Lencastre, Hugo and Calisto,  Francisco Maria  and Nascimento,  Jacinto C.},
  language = {en},
  title = {Recorded View Feature},
  publisher = {ResearchGate},
  year = {2020},
  month = {January}
}

@misc{10.13140/RG.2.2.21110.34888,
  doi = {10.13140/RG.2.2.21110.34888},
  url = {http://rgdoi.net/10.13140/RG.2.2.21110.34888},
  author = {Lencastre, Hugo and Calisto,  Francisco Maria  and Nascimento,  Jacinto C.},
  language = {en},
  title = {Coordinated View Feature},
  publisher = {ResearchGate},
  year = {2020},
  month = {January}
}

@misc{10.13140/RG.2.2.32854.40000,
  doi = {10.13140/RG.2.2.32854.40000},
  url = {http://rgdoi.net/10.13140/RG.2.2.32854.40000},
  author = {Mour\~{a}o, N\'{a}dia and Calisto,  Francisco Maria  and Nascimento,  Jacinto C.},
  language = {en},
  title = {MIMBCD-UI: AI Visual Explanation - UML},
  publisher = {ResearchGate},
  year = {2020},
  month = {January}
}

@misc{10.13140/RG.2.2.26143.51365,
  doi = {10.13140/RG.2.2.26143.51365},
  url = {http://rgdoi.net/10.13140/RG.2.2.26143.51365},
  author = {Mour\~{a}o, N\'{a}dia and Calisto,  Francisco Maria  and Nascimento,  Jacinto C.},
  language = {en},
  title = {MIMBCD-UI: AI Visual Explanation - Label Lesion},
  publisher = {ResearchGate},
  year = {2020},
  month = {January}
}

@misc{10.13140/RG.2.2.14555.52009/2,
  doi = {10.13140/RG.2.2.14555.52009/2},
  url = {http://rgdoi.net/10.13140/RG.2.2.14555.52009/2},
  author = {Mour\~{a}o, N\'{a}dia and Lencastre, Hugo and Calisto,  Francisco Maria  and Nascimento,  Jacinto C.},
  language = {en},
  title = {User Testing Architecture Tree},
  publisher = {ResearchGate},
  year = {2020},
  month = {March}
}




