@article{dewey2010need,
  title={The need for a philosophy of education (1934)},
  author={Dewey, John},
  journal={Schools},
  volume={7},
  number={2},
  pages={244--245},
  year={2010},
  publisher={The University of Chicago Press}
}

@article{gardner2008five,
  title={The five minds for the future},
  author={Gardner, Howard},
  journal={Schools},
  volume={5},
  number={1/2},
  pages={17--24},
  year={2008},
  publisher={The University of Chicago Press}
}
